<?xml version="1.0" encoding="UTF-8"?><collection xmlns="http://www.loc.gov/MARC21/slim"><record><leader>00511nam--2200133-i-4500</leader><controlfield tag="001">000007371</controlfield><controlfield tag="002">20161230</controlfield><controlfield tag="005">20161230201027</controlfield><controlfield tag="008">060222s1000------------r-----000-0-eng-d</controlfield><datafield ind1=" " ind2=" " tag="245"><subfield code="a">Bases of modern librarianship. a study of library theory and practice in britain, canada, denmark, the federal republic of germany and the united states</subfield></datafield><datafield ind1=" " ind2=" " tag="260"><subfield code="a">Oxford, Pergamon Press, 1964 X + 126 P</subfield></datafield><datafield ind1=" " ind2=" " tag="490"><subfield code="a">International Series Of Monographs On Library And Information Science</subfield></datafield><datafield ind1=" " ind2=" " tag="700"><subfield code="a">White, Carl M</subfield></datafield><datafield ind1=" " ind2=" " tag="852"><subfield code="a">22368</subfield></datafield></record></collection>